<collection xmlns="http://www.loc.gov/MARC21/slim">
<record>
  <leader>01337nam0a2200277 i 450 </leader>
  <controlfield tag="001">IT\ICCU\CNCE\049800</controlfield>
  <controlfield tag="005">20071015000000.0</controlfield>
  <datafield tag="012" ind1=" " ind2=" ">
    <subfield code="a">o.ne o-la e.ta a.ro (C) 1548 (Q)</subfield>
    <subfield code="2">fei</subfield>
  </datafield>
  <datafield tag="100" ind1=" " ind2=" ">
    <subfield code="a">19991124f1548        0itac0103    ba</subfield>
  </datafield>
  <datafield tag="101" ind1=" " ind2=" ">
    <subfield code="a">ITA</subfield>
  </datafield>
  <datafield tag="102" ind1=" " ind2=" ">
    <subfield code="a">IT</subfield>
  </datafield>
  <datafield tag="200" ind1="1" ind2=" ">
    <subfield code="a">℗La ℗triomphale entrata del serenissimo prence di Spagna nell&apos;inclitta citta di Milano. Alli XIX di decembre MDXLVIII</subfield>
  </datafield>
  <datafield tag="210" ind1=" " ind2=" ">
    <subfield code="d">\1548?!</subfield>
  </datafield>
  <datafield tag="215" ind1=" " ind2=" ">
    <subfield code="a">\4! c.</subfield>
    <subfield code="d">4ʻ</subfield>
  </datafield>
  <datafield tag="300" ind1=" " ind2=" ">
    <subfield code="a">Stampato da Gottardo da Ponte. Per il tipografo e la data, cfr: E. Sandal,  L&apos;arte della stampa a Milano nell&apos;et ̉di Carlo V. Notizie storiche e annali tipografici (1526-1556), n. 228, p. 107</subfield>
  </datafield>
  <datafield tag="620" ind1=" " ind2=" ">
    <subfield code="a">IT</subfield>
    <subfield code="d">Milano</subfield>
  </datafield>
  <datafield tag="700" ind1=" " ind2="1">
    <subfield code="a">Nobili,</subfield>
    <subfield code="b">Alberto : de</subfield>
    <subfield code="3">IT\ICCU\CNCA\004760</subfield>
  </datafield>
  <datafield tag="712" ind1="0" ind2="0">
    <subfield code="a">Da_Ponte, Gottardo</subfield>
    <subfield code="3">IT\ICCU\CNCT\001661</subfield>
    <subfield code="4">650</subfield>
  </datafield>
  <datafield tag="790" ind1=" " ind2="1">
    <subfield code="a">De_Nobili,</subfield>
    <subfield code="b">Alberto</subfield>
    <subfield code="3">IT\ICCU\CNCA\016615</subfield>
    <subfield code="z">Nobili, Alberto : de</subfield>
  </datafield>
  <datafield tag="791" ind1="0" ind2="0">
    <subfield code="a">Ponticus, Gotardus</subfield>
    <subfield code="3">IT\ICCU\CNCT\003707</subfield>
    <subfield code="z">Da_Ponte, Gottardo</subfield>
  </datafield>
  <datafield tag="791" ind1="0" ind2="0">
    <subfield code="a">Pontius, Gotardus</subfield>
    <subfield code="3">IT\ICCU\CNCT\003708</subfield>
    <subfield code="z">Da_Ponte, Gottardo</subfield>
  </datafield>
  <datafield tag="791" ind1="0" ind2="0">
    <subfield code="a">Pontanus, Gotardus</subfield>
    <subfield code="3">IT\ICCU\CNCT\003709</subfield>
    <subfield code="z">Da_Ponte, Gottardo</subfield>
  </datafield>
  <datafield tag="791" ind1="0" ind2="0">
    <subfield code="a">Ponte, Gottardo da</subfield>
    <subfield code="3">IT\ICCU\CNCT\003710</subfield>
    <subfield code="z">Da_Ponte, Gottardo</subfield>
  </datafield>
  <datafield tag="791" ind1="0" ind2="0">
    <subfield code="a">Ponzio, Gottardo</subfield>
    <subfield code="3">IT\ICCU\CNCT\004488</subfield>
    <subfield code="z">Da_Ponte, Gottardo</subfield>
  </datafield>
  <datafield tag="801" ind1=" " ind2="3">
    <subfield code="a">IT</subfield>
    <subfield code="b">ICCU</subfield>
    <subfield code="c">20201115</subfield>
  </datafield>
  <datafield tag="899" ind1=" " ind2=" ">
    <subfield code="a">Biblioteca nazionale Braidense. Milano</subfield>
    <subfield code="1">MI0185</subfield>
    <subfield code="2">MIL NB</subfield>
  </datafield>
</record>
</collection>
